@article{zhou2017small,
  title={A small, lightweight multipollutant sensor system for ground-mobile and aerial emission sampling from open area sources},
  author={Zhou, Xiaochi and Aurell, Johanna and Mitchell, William and Tabor, Dennis and Gullett, Brian},
  journal={Atmospheric Environment},
  volume={154},
  pages={31--41},
  year={2017},
  publisher={Elsevier}
}
@article{jimenez2016morning,
  title={Morning transition case between the land and the sea breeze regimes},
  author={Jim{\'e}nez, Maria A and Sim{\'o}, Gemma and Wrenger, Burkhard and Telisman-Prtenjak, Maja and Guijarro, Jose A and Cuxart, Joan},
  journal={Atmospheric Research},
  volume={172},
  pages={95--108},
  year={2016},
  publisher={Elsevier}
}
@article{kunz2018cocap,
  title={COCAP: a carbon dioxide analyser for small unmanned aircraft systems},
  author={Kunz, Martin and Lavric, Jost V and Gerbig, Christoph and Tans, Pieter and Neff, Don and Hummelg{\aa}rd, Christine and Martin, Hans and R{\"o}djeg{\aa}rd, Henrik and Wrenger, Burkhard and Heimann, Martin},
  journal={Atmospheric Measurement Techniques},
  volume={11},
  number={3},
  pages={1833--1849},
  year={2018},
  publisher={Copernicus GmbH}
}